2904 4726
577 498 784 564 Macroaella.
1102 522 1104 527 ‘
1121 506 1184 570 629

135 656 273 727 typicus,
314 655 419 716 nullius
452 656 501 716 alii
535 659 628 718 status
664 659 801 732 degener,
834 662 864 719 et
893 662 1016 735 generis
1051 661 1227 722 disliaetr's·

133 743 208 800 simi
237 747 341 815 lapus,
371 744 533 803 substantia
566 747 596 803 et
622 744 715 804 colore
743 744 808 805 albo
836 762 897 806 eum
926 746 1047 806 Cortielo
1074 765 1137 807 sero
1159 751 1224 808 tan·

133 829 194 886 tum
227 830 449 905 comparandus,
483 832 531 890 ssd
565 830 782 891 fructificatione
815 832 952 893 diversus.
990 835 1073 893 Setae
1105 835 1224 908 rigidae,

133 915 282 989 aequales,
313 933 376 975 cum
404 917 506 978 selulis
527 916 793 978 Auriculerinorun
816 935 872 978 nou
895 922 1107 996 comparandae.
1153 923 1225 997 Spe·

135 1000 240 1060 cimina
264 1005 384 1062 maxime
407 1005 482 1080 pomi
507 1004 712 1080 magnitudine,
735 1005 784 1064 sed
806 1004 892 1081 vulgo
908 1007 1011 1075 tenuis,
1029 1008 1127 1080 effuse,
1143 1024 1226 1081 saepe

133 1087 286 1161 Sphaerias
314 1091 484 1151 incrustans.
529 1090 554 1149 Ε
576 1090 763 1166 descriptione
791 1092 902 1152 videtur
924 1093 1102 1168 Thelephora
1124 1110 1225 1169 aspere

135 1174 221 1232 Pers.
249 1171 336 1249 Mae.
360 1172 438 1237 Eur.
464 1179 491 1237 Ι.
510 1195 544 1250 p.
566 1178 632 1238 153
654 1177 708 1235 hue
730 1177 888 1252 pertinere,
911 1181 960 1239 sed
983 1182 1052 1238 icon
1069 1185 1090 1240 i.
1108 1182 1136 1239 6.
1154 1179 1185 1253 s.
1206 1182 1224 1239 5

134 1277 153 1318 a
175 1278 236 1321 meo
258 1263 346 1337 lungo
368 1265 517 1323 admodum
540 1264 660 1323 diversa.
706 1270 750 1344 (a.
772 1262 817 1345 o.)

218 1385 293 1444 xu1.
339 1386 604 1446 MUCRONELLA.
649 1387 866 1462 Receptaculum
889 1387 1008 1447 nullum.
1039 1387 1138 1447 Aculei
1155 1388 1223 1447 sub·

132 1468 219 1541 alati,
247 1472 403 1545 simplices,
426 1475 517 1542 acuti,
542 1473 649 1547 glabri,
673 1473 787 1532 delinito
809 1477 914 1537 terram
937 1476 1106 1549 spectantes.
1152 1476 1223 1549 Spo-

130 1557 254 1703 mnggsa
282 1558 390 1633 (saltim
413 1560 442 1618 iu
465 1577 493 1619 n.
519 1558 538 1618 2
561 1563 591 1619 et
613 1556 647 1635 3)
672 1576 846 1633 monospora.
889 1561 993 1634 Faopi
1010 1560 1136 1633 pusilli,
1162 1560 1221 1635 lip-

216 1747 259 1807 ‘Ut
291 1750 418 1809 Salsulae
447 1751 523 1809 inler
550 1751 723 1825 Polyporeos
745 1752 853 1811 sistunt
875 1752 989 1835 tubulos
1011 1751 1074 1811 siue
1094 1752 1223 1826 recepta·

130 1833 206 1904 culo,
230 1835 270 1894 sic
286 1837 475 1897 Mucrousllao
491 1838 571 1896 modo
593 1839 714 1896 aculeos.
760 1839 805 1897 lib
827 1838 938 1912 Hydnis
960 1842 1055 1898 tamen
1078 1838 1153 1897 haud
1176 1846 1221 1896 se-

130 1937 292 1993 parassem,
315 1923 386 1995 nisi,
409 1924 508 1983 sallem
532 1924 562 1983 in
585 1923 731 1998 speciebus
754 1924 1107 2001 primariis,‘sporophora
1129 1927 1224 1984 essent

131 2024 308 2081 monospora.
352 2011 395 2070 Ex
417 2011 462 2068 his
484 2011 519 2069 ad
541 2011 646 2069 Isarias
669 2011 791 2083 relatas,
809 2011 857 2070 sod
883 2012 972 2071 aculei
994 2012 1098 2086 glabri,
1116 2014 1221 2070 terram

130 2099 293 2168 spectamen
315 2096 504 2181 distinguunt.
520 2128 556 2137 -·
572 2096 615 2156 Ob
629 2097 775 2172 antiquius
792 2114 892 2158 nomen
906 2093 1089 2158 Maeroacoc
1105 2098 1222 2169 Bentb„

130 2186 259 2242 nostrum
284 2182 462 2245 Mucroaioc
484 2183 513 2243 in
542 2185 646 2244 Sumne.
671 2180 742 2258 Veg.
768 2185 868 2244 Scaud.
901 2201 927 2259 p.
951 2184 1013 2245 329
1037 2185 1102 2244 baie
1124 2183 1222 2258 generi

130 2268 228 2329 datum
251 2269 282 2331 in
305 2269 524 2331 Macroaellam
547 2287 660 2331 necasse
682 2274 744 2331 erat
766 2276 883 2331 mutare.

221 2373 249 2433 1.
295 2376 333 2434 Μ.
349 2390 563 2435 alsemannum
586 2375 691 2445 albida,
719 2375 848 2436 eubiculo
868 2375 962 2446 nullo;
984 2374 1101 2435 acalcie
1117 2372 1222 2447 susei-

129 2459 261 2534 ealalr's,
285 2460 346 2520 basi
368 2462 512 2531 connatis,
535 2462 675 2535 pendulis.
721 2462 854 2535 Hydunm
877 2457 950 2522 Alo.
975 2467 1004 2520 el
1027 2455 1177 2523 amoses.
1188 2477 1223 2532 p.

129 2546 209 2607 269.
234 2552 253 2605 l.
279 2548 327 2605 10.
348 2547 378 2619 f.
404 2550 432 2605 9.
478 2547 539 2610 Ed.
562 2548 591 2607 Ι.
615 2565 648 2621 1).
674 2548 744 2608 519.
790 2549 833 2607 Ad
857 2559 972 2608 truncos
991 2548 1057 2606 Piui
1078 2546 1222 2620 putridos,

130 2650 207 2693 raro.
253 2634 440 2707 sequentibus
462 2634 531 2694 adeo
553 2634 658 2709 affinis,
682 2637 713 2693 ut
728 2652 833 2709 genere
848 2652 903 2694 nou
920 2637 1097 2710 separentur.
1129 2632 1222 2710 (aa.)

218 2737 246 2797 2.
292 2740 332 2797 M.
362 2754 534 2798 suessanus
562 2738 642 2810 alba;
670 2740 775 2799 aculeis
799 2741 906 2811 liberis,
929 2741 977 2799 sed
999 2741 1034 2797 ira
1054 2752 1160 2812 greges
1184 2734 1222 2793 o·-

129 2826 259 2884 mitratos
289 2824 451 2897 confertis,
475 2842 558 2899 quam
581 2826 725 2899 sequentis
752 2827 958 2887 crassioribus
986 2829 1014 2882 et
1035 2822 1221 2883 brevioribus.

131 2908 270 2986 Monogr.
292 2905 341 2971 Il.
360 2930 394 2985 p.
415 2912 494 2972 280.
528 2913 572 2972 Ad
588 2911 667 2984 ligna
685 2916 797 2973 vetusta
813 2913 843 2972 in
859 2911 1041 2987 Ostrogothis
1058 2910 1128 2983 legit
1144 2908 1180 2969 H.
1193 2926 1222 2970 v.

131 2999 218 3057 Posn.
264 3000 300 3058 H.
331 3002 444 3057 acutum
471 2999 559 3057 Pers,
587 2994 675 3071 Mac.
705 2999 781 3058 Eur.
817 3000 850 3060 2.
876 3018 909 3072 p.
933 2998 1083 3059 zlaunic
1106 2996 1222 3057 accedit.

129 3082 172 3165 (v.
198 3081 247 3157 s.)-

218 3182 247 3247 3.
294 3190 332 3248 Μ.
366 3207 458 3249 eleva
493 3190 573 3260 alba,
597 3189 661 3250 dein
684 3190 855 3266 pallesceus;
878 3190 985 3250 aculeis
1008 3187 1224 3262 irregulariter

131 3279 274 3348 sparsis,
299 3275 450 3348 manibus,
464 3276 650 3347 seminatis.
696 3277 827 3352 Hyduum
850 3278 959 3335 calvum
982 3273 1053 3335 Alo.
1076 3280 1105 3333 el
1124 3268 1222 3335 Sellae.

125 3380 159 3434 p.
183 3362 259 3422 271.
283 3368 303 3423 l.
328 3363 376 3421 10.
396 3361 426 3434 s.
448 3364 479 3420 8.
525 3363 616 3421 Isaris
638 3365 718 3423 calva
742 3358 825 3436 apsa
845 3357 931 3436 Mac.
956 3362 987 3423 3.
1005 3380 1041 3440 p.
1064 3360 1142 3422 277.
1177 3360 1221 3419 Ad

126 3448 208 3525 ligna
231 3448 313 3521 pinea
335 3450 449 3523 putrida
472 3449 546 3509 haud
569 3467 642 3510 raro.
688 3451 825 3522 Apriore
849 3450 959 3509 videtur
976 3450 1048 3508 bene
1071 3446 1221 3517 distincta,

128 3535 257 3611 quamvis
281 3535 456 3597 differentiae
479 3540 634 3609 appareant
655 3537 759 3597 laevas.
805 3537 845 3610 (o.
867 3537 909 3612 e.)

401 3722 487 3798 Ordo
512 3722 570 3796 IV.
623 3723 951 3798 THELEPHOREI.

219 3878 388 3954 Hymenium
412 3878 532 3938 inieram
556 3881 575 3938 l.
599 3880 810 3955 amphigeuum,
834 3883 1001 3940 emiseram
1023 3877 1043 3935 t.
1061 3892 1222 3947 ecraeeam,

125 3966 230 4036 laeve,
260 3983 322 4025 raro
350 3968 488 4025 aestatum
514 3966 534 4026 l.
557 3966 736 4041 papillosum.
782 3966 960 4040 Sporophora
988 3969 1156 4038 tetraspora.
1181 3995 1221 4004 -

132 4047 298 4125 Irrer'piarcl
318 4069 423 4111 nocam
446 4057 553 4112 seriem
574 4053 711 4126 hymerio
731 4054 814 4112 leand
835 4053 1008 4127 effiguralo.

185 4166 193 4174 '
218 4156 388 4230 Hymeuium
418 4158 505 4230 vulgo
534 4159 637 4218 dicitur
659 4159 844 4234 papillosnm,
868 4158 915 4216 sed
938 4156 991 4215 hae
1014 4157 1137 4232 papillae
1159 4175 1222 4216 sae-

131 4244 196 4320 pius
220 4243 333 4320 spuriae
356 4247 384 4304 et
406 4244 603 4305 accidentales.
632 4247 665 4304 In
688 4246 830 4321 plerisque
853 4244 1044 4318 espaaerns
1061 4246 1225 4304 incrustatis

129 4349 156 4391 a.
182 4348 207 4391 c.
256 4325 410 4404 sponsant
432 4330 574 4407 fallace,
595 4332 767 4412 polygonis
795 4336 847 4390 stc.
877 4332 1013 4409 originem
1043 4331 1166 4408 duounl;
1195 4331 1225 4397 in
