2904 4726
327 433 390 498 654
728 454 934 500 castrensem.

284 593 367 666 Lm.
390 591 469 653 442.
516 586 643 651 Euroo.
662 609 696 666 p.
722 594 792 652 186.
838 594 918 656 Nece
935 595 1015 668 syro.
1034 594 1162 669 s.253.
1210 592 1343 656 eremit.
1363 599 1382 653 l.

284 678 362 741 142.
405 678 458 738 ut.
483 676 663 752 adglutinatur
687 680 773 739 Pero.
798 676 884 754 Mne.
908 677 987 742 Eur.
1013 676 1094 756 [ρ.
1111 682 1173 741 134
1197 686 1308 753 (status
1325 681 1383 755 pri·

285 767 417 839 marius).
457 763 586 827 Auricul.
620 766 762 827 curticulis
794 766 881 829 Ball.
917 774 938 828 i.
970 768 1048 830 436.
1075 767 1107 843 s.
1140 769 1169 830 1.
1201 769 1383 843 Thelepbom
1436 838 1437 841 Ἴ

285 869 390 913 carnea
418 851 542 915 sutram
587 852 632 911 Ad
661 854 779 913 cortices
801 856 831 914 ot
856 854 953 932 ligus,
975 856 1126 932 praecipue
1148 857 1297 927 Quercus,
1323 855 1382 915 rni-

282 956 362 1016 gare.
408 938 545 1000 Primitus
571 939 669 1014 utique
697 941 923 1015 adglutinatam,
953 941 1019 1003 dein
1049 942 1178 1003 siccitate
1200 946 1378 1003 contractum

283 1030 312 1087 et
332 1026 500 1099 liberatum,
529 1025 595 1085 binc
621 1044 676 1087 non
706 1028 852 1088 rimosum.
897 1028 1109 1095 Umbilioariam
1133 1029 1278 1102 referens,
1312 1030 1381 1090 uude

286 1112 466 1281 Gyropbor(a
501 1111 663 1173 Clementer·
693 1114 765 1175 Aah.
800 1114 928 1177 Mothod.
955 1133 978 1175 s.
1001 1111 1134 1177 holdae
1159 1117 1298 1176 Tamari
1320 1116 1380 1176 Gla·

282 1203 385 1261 monle.
448 1219 475 1260 a.
499 1196 546 1281 e.)
1222 1236 1225 1247 ·

371 1318 422 1384 36.
467 1323 497 1382 G.
526 1336 669 1382 omassum
700 1339 716 1381 e
742 1339 855 1384 ceracco
884 1325 1042 1399 rigescens,
1066 1325 1226 1396 confluens,
1250 1324 1377 1399 adgluti-

283 1412 398 1481 natum,
428 1407 566 1481 luridum,
590 1409 698 1468 ambitu
722 1410 864 1483 similam3
890 1412 1023 1485 hymenio
1039 1414 1161 1490 pruine
1181 1415 1311 1474 cinerea
1338 1416 1376 1470 te·

283 1496 422 1557 unissima
448 1510 607 1568 consperso.
654 1495 715 1556 Ed.
744 1497 771 1555 I.
796 1514 831 1570 p.
867 1498 939 1557 563.
987 1493 1096 1558 Berkl.
1135 1496 1217 1558 eorl.
1241 1515 1280 1572 p.
1307 1497 1376 1558 275.

285 1582 386 1645 Kiclrc
411 1600 443 1660 p.
473 1584 548 1643 266.
593 1582 772 1659 Thelspbora
801 1584 857 1644 Fr.
887 1582 1013 1644 Elenclr.
1039 1603 1073 1659 p.
1102 1587 1169 1645 221
1197 1602 1263 1644 cum
1290 1584 1380 1660 ampla

283 1672 460 1746 synonymia.
507 1670 594 1729 Pers.
616 1664 703 1742 Myr.
728 1670 806 1729 mer.
829 1688 859 1730 n.
884 1672 940 1742 23,
963 1674 1015 1745 86,
1040 1676 1091 1743 91,
1109 1674 1154 1732 92
1164 1689 1221 1732 sac.
1238 1689 1320 1745 spec.
1337 1672 1376 1729 in·

284 1760 441 1833 uentorum.
486 1757 530 1817 Ad
563 1755 645 1832 ligna
678 1757 708 1815 ot
740 1758 860 1817 cortices
892 1758 1023 1819 arborum
1055 1760 1250 1819 frondosarum
1277 1758 1377 1833 ubique

284 1845 411 1919 rumare.
457 1842 570 1916 Duplex
594 1843 703 1914 forma,
727 1845 851 1904 crassior
874 1846 909 1904 ad
933 1845 1028 1920 ligna,
1056 1846 1169 1906 tenuior
1190 1847 1226 1906 ad
1248 1847 1375 1905 cortices

284 1931 428 2008 Sphaeriis
449 1930 639 1990 tuberculosa.
683 1931 787 1990 Rarius
810 1949 861 2005 pro
883 1935 964 2007 parte
990 1933 1134 1993 substrato
1163 1932 1289 1994 solvitur
1309 1950 1335 1991 r.
1353 1948 1375 1989 c

283 2021 312 2078 in
341 2018 478 2091 Theleph.
508 2017 573 2076 Pini
596 2018 731 2078 Decoad.
752 2043 775 2067 =
797 2019 851 2078 Th.
875 2018 977 2079 Pioeae
1000 2020 1086 2079 Pers.
1110 2015 1218 2095 Mona.
1242 2028 1275 2081 et
1297 2019 1376 2081 Neci.

281 2124 311 2166 n.
336 2107 408 2165 681.
453 2106 494 2184 (e.
517 2100 561 2184 o.)

372 2222 423 2288 37.
469 2227 499 2285 (l.
523 2241 682 2287 noussorn
706 2227 834 2299 effusum,
852 2228 972 2300 aridum,
989 2228 1216 2297 determinatum,
1235 2229 1374 2291 nonatum
1436 2264 1437 2337 l

284 2314 408 2375 obscure
431 2310 754 2387 conquiesco-rutrum,-
785 2314 916 2390 hymenio
942 2315 1125 2376 incrustando
1153 2315 1311 2390 inaequali,
1325 2314 1374 2372 sic·

283 2402 371 2462 citnte
399 2401 551 2472 rimuloso,
579 2401 721 2473 muniunto.
767 2400 828 2460 Ed.
860 2402 942 2476 Lp.
966 2402 1042 2463 558.
1088 2401 1226 2476 Theleph.
1255 2395 1373 2461 Eleusi.

281 2507 316 2563 p.
342 2489 412 2546 168.
461 2486 563 2562 Moero.
581 2492 612 2547 et
627 2485 728 2548 Nesei.
745 2505 775 2547 n.
793 2490 854 2545 581
871 2489 939 2564 (sub
954 2488 1006 2548 Th.
1023 2489 1166 2564 cruenta).
1189 2488 1235 2549 Ad
1251 2487 1375 2548 corticem

285 2575 376 2635 Pinus
409 2574 510 2634 Picoas
543 2573 573 2633 in
608 2573 712 2649 alpinis
747 2575 878 2649 Europae
905 2575 1023 2635 modus.
1068 2576 1198 2636 Nobilior
1216 2575 1373 2650 specioso
1435 2572 1436 2615 f

285 2661 409 2722 statione
432 2660 558 2733 varians,
582 2660 720 2720 interdum
745 2662 835 2722 altero
859 2663 947 2722 latore
975 2664 1145 2737 marginata.
1176 2661 1251 2732 Quin
1275 2660 1372 2721 sit'lb.

283 2752 403 2809 cruenta
432 2742 523 2809 Pers.
557 2741 631 2820 Son.
655 2764 711 2807 non
735 2748 824 2822 liquet
847 2749 1023 2825 (Phlabial).
1059 2750 1116 2809 Sub
1139 2749 1191 2808 hoc
1213 2746 1373 2808 nominoio

284 2837 361 2910 Mys.
391 2835 497 2908 Ilurop.
523 2834 591 2906 hoo,
615 2834 645 2893 (l.
675 2834 825 2895 salicinuuu
855 2839 885 2895 et
906 2836 1049 2896 sarcoidos
1067 2835 1242 2910 junguntur.
1290 2835 1371 2906 Quum

284 2922 315 2982 c,
347 2921 502 2996 Mougeotii
530 2922 560 2980 in
588 2921 708 2980 Misenis
737 2939 792 2982 non
821 2927 965 2994 nascatur,
996 2941 1052 2983 non
1076 2927 1172 2997 potest
1194 2938 1259 2982 essa
1281 2921 1372 2998 primi·
1434 2932 1435 2977 5

284 3009 343 3068 tire
366 3010 420 3069 Tb.
445 3011 570 3068 cruenta.
618 3007 659 3084 (o.
682 3008 725 3084 s.)
1312 3008 1317 3017 “

372 3125 422 3190 38.
469 3130 499 3190 G.
524 3146 708 3190 mensurnus
731 3147 892 3202 cerncoum,
915 3129 1070 3205 rigescens,
1093 3130 1317 3204 adglutinatum,
1331 3132 1371 3190 in·

283 3217 519 3289 determinatum,
542 3215 658 3279 ambita
678 3217 840 3291 redianle3
870 3218 1001 3293 hymouio
1024 3219 1210 3291 persisteutsr
1232 3217 1309 3279 lacre
1329 3234 1371 3278 co

284 3303 381 3364 loreto
415 3304 532 3380 (rubro,
566 3305 728 3376 annuntio),
757 3306 877 3378 pomino
907 3305 1074 3364 tenuissima
1109 3302 1276 3365 mrbeomcu
1309 3322 1368 3363 cou-
1433 3310 1434 3313 ’

283 3408 391 3467 sparso.
437 3386 499 3451 Ec.
533 3385 563 3451 I.
593 3409 626 3465 p.
655 3389 731 3452 564.
776 3385 886 3451 Berkl.
919 3390 1000 3451 Oail.
1025 3408 1061 3469 p.
1090 3390 1168 3453 275.
1217 3392 1319 3451 Kickx
1341 3407 1369 3464 a

284 3479 359 3539 266.
404 3477 543 3551 Theleph.
577 3478 726 3538 incarnata
759 3477 886 3539 Eiencb.
914 3496 948 3552 p.
978 3479 1042 3537 219
1069 3494 1132 3539 oum
1163 3496 1226 3554 syn.
1249 3483 1279 3537 et
1302 3495 1368 3538 carr.

284 3564 404 3639 copiosis
426 3560 520 3645 (ecel.
546 3564 674 3626 Sowerb.
705 3569 725 3623 l.
757 3558 847 3645 291).
892 3564 1030 3638 Theleph.
1054 3582 1083 3624 n.
1108 3563 1160 3637 43,
1186 3563 1237 3634 46,
1260 3565 1312 3637 65,
1333 3561 1368 3624 66

283 3654 349 3733 stc„
368 3646 459 3712 Pera.
472 3645 559 3723 Mne.
573 3646 652 3712 Eur.
684 3650 736 3710 Fi.
755 3652 837 3712 Dara
860 3657 880 3713 t
895 3651 998 3713 2635.
1010 3650 1041 3726 s.
1057 3652 1092 3714 2.
1116 3651 1227 3725 Ubique
1239 3652 1275 3711 ad
1290 3649 1368 3711 corti·
1431 3660 1433 3675 ¹

283 3753 331 3799 ces
353 3741 382 3798 et
404 3738 493 3810 ligna.
538 3737 694 3811 Ligustilis
717 3737 807 3797 forma
829 3738 1034 3809 crassiuscuia,
1067 3738 1367 3816 modulato-papilione,

284 3825 409 3900 collapsa
431 3824 530 3895 laevis,
544 3823 666 3895 rimosa3
685 3824 819 3884 corticola
834 3824 993 3903 (Tbelcplr.
1006 3822 1117 3899 sollus
1133 3826 1212 3885 Pers.
1229 3830 1259 3886 ot
1274 3822 1367 3897 aucit)

283 3912 406 3986 tenuior,
430 3910 574 3987 Sphaeriis
598 3911 766 3972 incrustatis
790 3912 978 3986 persistenter
993 3912 1090 3989 spurio
1106 3911 1255 3988 pupillosa.
1279 3909 1365 3987 (om.)

370 4013 420 4077 39.
466 4016 496 4075 0.
520 4031 663 4076 nourrius
687 4015 890 4093 irregulariter
908 4017 1039 4090 effosum,
1056 4015 1307 4087 membranaceum,
1320 4015 1364 4074 al·

283 4104 397 4177 uatum,
431 4100 556 4163 obscure
588 4100 733 4175 rutilum,
767 4103 896 4178 margine
929 4104 1003 4165 nudo
1036 4104 1199 4177 coccoloum
1236 4102 1362 4180 hymerio
