2904 4726
287 466 351 534 630
688 490 892 535 mneeneem.

242 627 386 687 substrato
409 627 482 687 laevi
504 644 614 704 semper
636 627 806 705 laevigatus.
851 630 897 691 Sic
918 631 1004 690 etiam
1026 629 1150 705 papulae
1164 629 1231 689 illae
1246 645 1336 704 sagae
1430 612 1431 623 ¹

242 715 272 773 in
301 709 404 776 hereo
425 713 617 789 recepissem,
644 716 765 777 hirsuto
786 719 841 777 etc.
865 717 1001 791 originem
1022 717 1132 776 ducunt
1152 733 1168 776 e
1190 717 1336 776 substratu
1430 742 1431 745 ¹

243 817 387 875 scrupeee,
410 801 455 861 eui
479 803 611 877 primitus
633 803 792 875 adpressae.
838 804 872 862 In
897 805 994 877 paucis
1019 821 1045 862 v.
1063 821 1088 862 c.
1109 803 1244 865 Certicic
1266 819 1335 864 ccm-

242 888 373 1033 {maereo
400 887 430 947 in
459 889 564 964 optime
591 891 690 967 vigere
712 891 817 949 adsunt
833 890 989 964 papillae,
1018 891 1066 950 sed
1089 890 1119 951 in
1141 890 1224 950 siccis
1247 889 1337 948 celia·

329 1080 518 1155 Pervulgetus
550 1081 605 1141 luit
637 1098 717 1142 emer
744 1098 970 1157 quamquumque
993 1081 1193 1156 myceteideem
1217 1080 1337 1140 termam

152 1198 156 1205 ι
243 1182 395 1238 expansum
419 1184 469 1242 pro
492 1168 616 1240 perfecte
639 1169 729 1243 iunge
751 1185 871 1239 sumere,
894 1170 969 1249 unde
990 1171 1034 1226 tet
1055 1184 1161 1243 genera
1175 1185 1192 1226 e
1207 1166 1339 1242 myceliis
1397 1206 1403 1221 .

243 1253 309 1311 fleta
336 1253 536 1332 [Ricciacum
560 1250 767 1327 Fibrtlleriu,
795 1254 956 1326 Osculum,
991 1252 1185 1333 Xptcetremc
1211 1255 1283 1328 etc]
1312 1255 1341 1312 et
1432 1260 1433 1293 ³

242 1338 337 1399 uariae
359 1340 465 1413 species
488 1341 759 1412 Auricularinernm,
784 1347 817 1402 ut
838 1341 949 1417 plenius
970 1341 1087 1417 exposui
1110 1341 1139 1401 in
1163 1333 1337 1400 Elench.I.

243 1427 505 1488 Auriculariuerum
529 1428 656 1488 ordinem
678 1429 707 1488 iu
730 1429 814 1504 plura
834 1445 951 1504 genera,
975 1427 1072 1503 utique
1093 1429 1266 1501 necessaria,
1283 1427 1339 1486 sel·

244 1530 308 1573 vere
330 1515 422 1574 meliti
444 1517 513 1574 sunt
533 1517 672 1575 auctores.
719 1516 765 1574 Ite
786 1516 896 1592 species
918 1514 993 1588 pileo
1014 1514 1135 1574 centrali
1155 1514 1176 1574 l.
1192 1514 1290 1575 sessili
1306 1514 1340 1572 ed

248 1598 462 1678 dhelepheram
492 1600 706 1674 relucescunt,
729 1602 805 1677 pileo
827 1602 1034 1665 effuse-reflexo
1056 1602 1091 1659 ad
1117 1601 1269 1674 Stercum,
1294 1617 1339 1659 re·

244 1687 393 1760 supinatae
426 1686 500 1764 pileo
534 1688 698 1749 oblitterato
731 1691 766 1749 ad
802 1687 983 1756 Coracium,
1018 1688 1149 1763 hymeuie
1181 1689 1279 1748 sterili
1306 1687 1340 1746 nd

244 1771 407 1835 Aeoliam.
442 1775 466 1834 E
491 1775 605 1847 speciali
627 1777 724 1835 horum
748 1777 843 1835 studio
865 1792 972 1849 genere
992 1774 1075 1834 aliter
1097 1775 1229 1845 limitavi,
1253 1790 1340 1849 quere

244 1860 320 1919 inira
354 1861 514 1937 preposita,
536 1861 615 1928 ‚licet
637 1862 730 1935 prisca
757 1862 871 1923 uomina
895 1862 1082 1933 restit-nerim,
1105 1879 1169 1921 cum
1192 1862 1340 1937 antiquie·

246 1947 324 2007 ribus
346 1949 437 2021 quoad
460 1948 550 2007 ideam
573 1947 615 2008 nil
639 1950 743 2008 hahent
764 1966 920 2009 commuue.

333 2069 422 2130 XLII.
479 2069 758 2132 CRATERELLUS.
815 2071 861 2131 er.
897 2073 968 2131 Gen.
991 2071 1114 2146 Hymen.
1165 2071 1341 2145 Hymeuium
1433 2072 1434 2115 l

245 2158 635 2228 caraem-membranaceum,
662 2159 845 2228 distinctum,
874 2158 922 2218 scd
950 2157 1163 2231 hymencphcrc
1185 2159 1340 2227 adnutum,
1433 2148 1434 2157 ’

245 2242 359 2304 definite
381 2243 513 2317 inferum,
535 2246 713 2319 contiguum,
736 2245 878 2320 glabrum,
901 2246 981 2305 laeve
1004 2245 1047 2304 vel
1063 2260 1208 2319 rugosum.
1234 2246 1341 2321 Sperne

244 2330 336 2391 albae.
382 2330 485 2405 Itucci
509 2338 681 2403 terrestres,
706 2333 828 2391 ccrecea'
859 2330 878 2389 l.
907 2330 1143 2403 membranacei,
1168 2328 1260 2408 pileo
1294 2334 1340 2391 in·

246 2421 326 2491 lepre
344 2418 499 2490 praediti,
523 2420 676 2495 similati,
700 2417 905 2487 autumnales,
931 2415 1137 2479 Cantharelle‘e
1160 2416 1289 2491 affines.

334 2522 428 2580 Genus
463 2521 608 2595 naturale,
642 2524 691 2581 sed
730 2523 800 2581 mira
832 2529 876 2581 est
910 2522 1051 2581 variarum
1086 2520 1240 2595 specierum
1279 2540 1340 2582 cum

245 2608 435 2668 Ceuthnrellis
462 2608 605 2681 analogia.
655 2610 746 2669 Adest
772 2614 867 2669 tamen
895 2613 977 2668 tauta
998 2608 1125 2668 affinius
1146 2626 1208 2668 cum
1235 2609 1339 2669 Thele-

246 2694 352 2768 phoris‚
376 2698 446 2753 ute
468 2696 679 2755 characteribus
706 2696 759 2755 hec
788 2695 848 2755 lece
876 2695 1065 2765 inserendum.
1109 2695 1146 2754 H.
1170 2695 1190 2754 l.
1214 2695 1339 2756 Cantha·

247 2780 307 2838 relli
331 2781 439 2853 species
462 2766 550 2841 Pers.
575 2777 649 2855 syn.
674 2787 704 2841 et
728 2783 808 2855 spec.
833 2781 915 2862 Myc.
930 2782 1167 2854 —Centharellt
1191 2781 1341 2843 Craterelli

245 2869 274 2925 et
296 2866 415 2942 Gomphi
438 2884 512 2941 spec.
558 2869 644 2926 Pers.
668 2864 755 2942 Mne.
778 2865 857 2929 Eur.

434 2969 447 3000 *
473 2970 696 3045 lichuesermes,
719 2974 761 3032 cd
782 2973 873 3032 busin
895 2975 1016 3046 stipitis
1031 2974 1147 3051 perc-ii.

333 3074 362 3134 1.
407 3077 437 3135 C.
468 3093 625 3137 nuunseuus
653 3077 726 3150 pileo
754 3077 1035 3147 submembrenacee,
1065 3077 1252 3147 tubaeiermi,
1278 3096 1339 3137 mex
1434 3072 1435 3091 ¹

246 3162 356 3236 pervio,
378 3162 529 3234 undulata,
548 3162 726 3234 flmmtoso,
745 3164 856 3237 susce}
878 3164 977 3237 stipite
999 3182 1085 3238 euve,
1105 3164 1216 3239 glabre,
1242 3163 1338 3229 lactem

191 3278 193 3281 ·
244 3250 381 3320 temesis
402 3256 510 3310 remote
531 3257 661 3321 costato,
685 3268 700 3307 e
722 3251 795 3310 laevi
817 3252 896 3310 venis
917 3250 1047 3324 implexis
1069 3267 1182 3324 rugoso.
1228 3243 1335 3310 Eal.

240 3353 274 3408 p.
299 3334 377 3395 532.
423 3330 531 3395 Bere-t
565 3334 645 3395 Octl.
669 3354 705 3415 pe.
735 3336 811 3397 265.
859 3337 993 3396 Canther.
1023 3332 1107 3409 Scae.
1136 3335 1218 3409 Meo.
1249 3337 1279 3395 I.
1304 3353 1335 3409 p.

244 3421 324 3483 320.
370 3420 495 3482 munch.
520 3440 554 3499 p.
584 3422 633 3481 50.
685 3422 808 3483 Weinm.
834 3425 924 3485 Reus.
951 3441 985 3496 p.
1013 3424 1090 3485 386.
1136 3423 1238 3485 Merui.
1263 3423 1335 3481 lute-

245 3524 326 3566 scene
358 3507 444 3565 Pers.
477 3508 547 3581 Spe.
571 3527 608 3587 p.
637 3509 715 3570 489.
759 3507 830 3568 Am.
860 3516 889 3568 ct
919 3504 1019 3571 Schw.
1042 3528 1076 3583 p.
1100 3509 1170 3571 234
1193 3510 1335 3585 (optime)¹

246 3593 356 3652 Eluella
382 3594 564 3654 tubuelormis
593 3594 718 3667 Scheeff.
753 3600 773 3654 t.
803 3594 876 3656 157.
922 3597 1024 3655 Penius
1047 3596 1184 3657 undulata
1206 3595 1290 3656 Bclt.
1315 3599 1334 3652 t.

247 3680 314 3738 105.
346 3679 375 3752 s.
410 3679 443 3740 2.
489 3681 627 3741 Merulius
656 3681 817 3755 nanchepus
846 3678 933 3743 Pers.
964 3678 1050 3755 Mne.
1075 3676 1153 3743 Eur.
1179 3683 1213 3743 2.
1239 3688 1260 3741 t.
1287 3682 1334 3739 13.

241 3768 271 3838 j.
307 3769 334 3824 1.
380 3766 461 3825 Locis
484 3768 607 3827 humidis
637 3769 665 3826 in
689 3769 953 3843 pineto-montanis.
1000 3770 1114 3845 Species
1135 3769 1251 3839 nobilis,
1274 3784 1333 3826 cum

246 3852 428 3911 Cautluarelle
450 3853 619 3913 tubaefermi
643 3854 828 3929 (lucescente)
852 3856 918 3914 elim
935 3857 1062 3916 confusa.
1108 3855 1277 3931 Hymeuium
1293 3853 1334 3913 lu·

245 3942 332 4009 teum,
356 3940 384 3998 in
408 3939 565 4014 rubellum,
588 3940 750 4001 ceurentium
773 3946 804 4001 et
825 3943 947 4002 cassium
970 3958 1100 4016 uergens.
1146 3942 1222 4001 Odm
1245 3940 1333 4010 fertis,

245 4025 423 4097 spiritucsus.
471 4031 512 4101 (c.
535 4029 577 4097 v.)

331 4128 360 4187 2.
405 4131 436 4188 C.
461 4147 586 4191 censum
609 4132 802 4207 caespitmns,
826 4132 899 4206 pilea
923 4132 1149 4202 membranaceo,
1172 4131 1332 4191 infundibu-

244 4215 366 4284 literne,
396 4217 508 4291 pervio,
538 4220 667 4297 seccato,
697 4220 788 4292 nude,
814 4220 1005 4297 clericulum,-
1029 4219 1137 4295 stipite
1159 4215 1332 4288 brevissime
