2822 4704
308 428 370 491 166
731 444 879 491 reomaus.

349 585 399 645 lx.
445 584 672 646 Puuuuouus
722 583 900 659 Leucospori.
946 582 1040 655 Stipes
1068 583 1260 655 excentrieus,
1282 583 1350 642 late-

265 671 334 732 ralis
367 672 386 731 l.
414 672 520 734 nullus.
567 672 719 745 Epiptyfi
741 671 916 746 (rarissima
949 671 1133 747 terrestres),
1161 669 1353 745 irrepaleree.

264 761 386 819 carnosi
407 758 428 818 l.
452 759 679 818 membranacei.

355 882 379 939 A
397 878 639 951 Chondripedibus
658 878 841 953 (Vl-VIII)
855 877 983 938 Pleuroti
999 877 1132 937 facillime
1142 878 1354 954 dignoscuntur,

267 968 315 1026 sed
342 984 359 1025 a
382 966 497 1040 reliquis
520 965 733 1039 hymenophero
755 982 817 1023 eum
841 965 938 1039 stipite
958 965 1092 1040 erontiguo
1115 965 1258 1039 (III-V)
1279 982 1355 1037 saepe

267 1059 375 1113 tantum
410 1053 533 1113 statione
566 1052 686 1126 opixyla.
742 1053 814 1111 Nam
844 1051 926 1110 multi
949 1051 1074 1111 Pleuroti
1097 1052 1228 1111 sectionis
1251 1052 1356 1124 primae

265 1140 437 1200 verticaliter
470 1140 546 1210 nauti,
582 1156 607 1195 u.
635 1155 659 1196 e.
684 1137 722 1197 A.
752 1140 932 1207 uenientes,
954 1136 1122 1209 eleterius,
1146 1138 1355 1211 spodoleueoe,

265 1227 391 1300 stipitem
426 1226 532 1284 habeut
565 1225 716 1283 eontralem
751 1230 779 1283 et
813 1225 915 1297 pileum
950 1225 1121 1297 regularem,
1146 1224 1356 1283 horizontalom.

265 1314 288 1372 Ε
310 1313 449 1372 contrario
473 1311 566 1370 variae
589 1312 797 1387 Clitoeyborum
821 1318 850 1370 et
872 1311 1083 1385 Omphaliarum
1107 1312 1215 1383 speeies
1238 1312 1269 1369 in
1301 1310 1353 1369 situ

265 1399 393 1474 obliquo,
415 1398 566 1472 praeeipue
589 1399 623 1455 ad
649 1399 755 1458 riarum
779 1397 883 1469 latera,
907 1399 1082 1456 excentrieae
1106 1398 1218 1457 variant
1237 1402 1269 1456 et
1286 1398 1353 1455 obli·
1401 1392 1402 1395 ’

264 1503 344 1562 quae.
382 1520 420 1529 —
450 1487 528 1544 Inter
550 1479 731 1551 Laetarioe,
757 1483 981 1553 (lanthertum,
1003 1484 1191 1543 Maraemo'oe
1206 1484 1355 1557 omniaqpe
1401 1494 1402 1499 ’

266 1573 366 1632 ultima
398 1572 614 1646 Agarieiuorum
640 1588 747 1645 genera
771 1572 856 1629 etiam
879 1571 983 1628 adsunt
1005 1571 1145 1629 Pleurotis
1166 1570 1296 1639 analogi.
1322 1603 1356 1613 -
1401 1590 1402 1615 ;

264 1661 342 1719 Duae
376 1660 483 1732 speeies
516 1659 649 1716 recedunt
674 1659 765 1730 sporis
788 1658 877 1715 dilate
901 1657 1040 1727 lilaeinm,
1064 1658 1137 1716 unde
1159 1658 1211 1715 eel.
1243 1656 1355 1716 Wnra.
1401 1676 1402 1717 1

265 1741 364 1806 Smilla
401 1746 467 1805 illes
498 1745 532 1802 ad
563 1745 667 1802 tribum
691 1745 874 1814 Cneuuoeus,
899 1743 1040 1802 Pleuratis
1063 1744 1137 1804 inter
1160 1743 1356 1819 Rhodosporos
1401 1768 1402 1817 l

263 1833 430 1909 analogum,
453 1832 548 1892 refert.

348 1936 371 1994 Ι.
417 1934 603 1995 Excuuemer.
648 1932 743 1992 Pileus
777 1932 899 2007 integer,
934 1933 1090 1992 lateraliter
1116 1932 1288 2008 productus,
1313 1949 1357 1990 ax·

263 2021 421 2093 eenlrieus,
444 2023 476 2079 ut
498 2021 602 2094 passim
625 2018 753 2079 lateralis
776 2023 927 2093 appaream
952 2020 1090 2079 attentius
1111 2037 1174 2078 vere
1190 2020 1356 2077 obseruatus

262 2108 347 2168 etiam
370 2107 399 2167 in
421 2107 510 2167 latere
533 2107 631 2165 mutilo
654 2106 817 2164 observatur
838 2124 935 2177 margo
959 2106 1052 2164 tenuis
1076 2106 1140 2181 (cfr.
1164 2101 1257 2166 Batt.
1284 2110 1305 2163 f.
1327 2108 1355 2165 9.

260 2194 290 2267 f.
317 2194 388 2264 E),
412 2212 467 2268 quo
490 2193 624 2267 ejusmodi
649 2193 752 2251 formae
775 2209 792 2250 a
814 2209 878 2250 vere
901 2192 1054 2252 dimidiatis
1079 2193 1221 2252 differunt.

305 2296 318 2324 *
354 2295 421 2355 Volo
443 2295 596 2356 annotate.
642 2295 805 2368 Lepiolarii.
850 2295 906 2354 Cfr.
930 2291 971 2355 A.
999 2293 1205 2354 Pleuratoo'das
1227 2314 1257 2353 n.
1283 2297 1353 2357 107.

350 2396 421 2459 573.
469 2400 502 2458 Α.
528 2413 700 2458 coarmatus
725 2397 798 2472 pileo
823 2403 983 2473 compacto,
1007 2399 1133 2472 integro,
1159 2398 1225 2457 villo
1249 2400 1354 2465 denso,

261 2487 371 2544 demum
389 2486 693 2559 flamoso-squamoso
722 2484 858 2554 ubduotn;
890 2485 989 2559 stipite
1012 2485 1106 2558 firmo,
1129 2487 1272 2556 radicato,
1290 2486 1355 2545 sub·

262 2573 436 2641 excentrica,
471 2572 621 2640 fibrilloso‚
646 2569 752 2629 annulo
782 2571 1010 2645 membranaceo,
1032 2571 1141 2640 laeer03
1165 2570 1289 2630 lamellis
1313 2573 1359 2630 de·
1400 2622 1401 2633 ,

261 2659 454 2728 currentibus,
478 2657 715 2727 subdistantibus,
744 2657 858 2728 diuisis,
882 2658 970 2727 albis,
988 2662 1108 2732 postire
1128 2662 1356 2717 anastomesun·
1400 2718 1401 2739 χ

262 2743 351 2802 lites.
417 2739 499 2816 Soet.
536 2739 621 2816 Mae.
658 2737 685 2802 Ι.
715 2761 749 2816 p.
786 2746 854 2802 179.
923 2740 1051 2805 Weinm.
1088 2746 1178 2804 Rosa.
1209 2761 1243 2816 p.
1280 2747 1357 2803 122.
1400 2742 1401 2749 ’

261 2829 363 2888 Laerta
386 2850 415 2889 n.
439 2832 510 2890 547.
546 2831 631 2889 Pera.
656 2824 742 2901 Moe.
768 2830 847 2888 Eur.
871 2832 901 2888 3.
925 2849 955 2888 n.
980 2833 1031 2903 44,
1055 2834 1105 2892 59.
1143 2826 1225 2905 Qere't.
1244 2849 1279 2903 p.
1305 2834 1353 2887 77.

260 2910 368 2975 Beroe.
389 2922 419 2975 et
432 2912 493 2977 Br.
515 2936 545 2976 n.
570 2916 631 2973 995
655 2916 723 2989 (nou
741 2917 845 2975 Saund.
861 2922 889 2976 et
907 2914 979 2996 Sm.)
996 2951 1035 2962 -
1063 2919 1142 2979 Sere.
1166 2935 1195 2974 re.
1219 2918 1263 2975 52
1286 2916 1356 2976 axel.

262 3019 325 3076 syn.
370 3003 414 3063 Ad
436 3007 550 3062 truncos
573 3004 704 3061 arborum
728 3002 931 3063 frondosarum.
979 3004 1147 3080 Magnifica,
1171 3003 1266 3077 ampla
1286 3020 1353 3077 spe·

261 3089 334 3159 eies;
357 3090 449 3165 pileus
467 3093 651 3157 tementesus,
675 3090 801 3164 egriseo
823 3089 964 3157 albicans,
985 3092 1126 3151 interdum
1149 3108 1210 3148 erim
1232 3089 1354 3148 latuell'm

260 3175 411 3235 fatescens.
446 3177 480 3234 A.
504 3176 652 3235 candidum
678 3169 807 3246 Setoeff.
834 3181 853 3234 t.
878 3177 954 3248 225,
972 3178 1090 3236 maxime
1106 3177 1233 3236 fallacem
1249 3180 1351 3235 elter-

261 3263 377 3320 restrem
413 3263 533 3332 dietum,
567 3263 601 3322 ad
630 3262 705 3320 hune
739 3261 880 3335 pertinere
908 3265 1045 3336 suspicor,
1069 3281 1133 3323 nam
1157 3262 1240 3337 plura
1264 3263 1352 3321 habeo

260 3349 387 3424 exempla
409 3350 540 3408 stationis
563 3349 634 3408 falso
655 3347 795 3407 indicate.
844 3348 883 3424 (e.
907 3352 947 3423 e.)

346 3450 396 3512 Ἀ.
430 3469 661 3513 ueeunouuoouus
686 3451 783 3519 opinor,
808 3452 931 3512 obsoleta
955 3450 1123 3521 annulatus,
1148 3454 1276 3528 margine
1299 3453 1352 3512 sti·

261 3536 374 3612 pitoque
397 3539 513 3599 villosis.
552 3540 607 3599 ur.
644 3539 662 3596 t.
699 3557 723 3595 e.
778 3539 885 3599 secret.
910 3555 939 3597 n.
966 3538 1055 3595 1060.
1101 3533 1204 3598 Lesele
1225 3558 1255 3599 o.
1280 3540 1355 3600 240.

261 3624 415 3696 Praecipue
440 3626 467 3683 in
491 3625 614 3700 pinetis,
637 3625 810 3698 eporedieus.
838 3625 1053 3684 iuxtaterram
1078 3625 1216 3685 radicum.
1265 3624 1357 3687 Facile

260 3711 374 3785 proprie
396 3712 511 3784 speeies.
559 3709 600 3791 (o.
624 3710 666 3788 o.)

346 3810 419 3873 574.
476 3816 508 3874 A.
544 3831 705 3874 luauuulun
739 3814 813 3886 pileo
848 3830 985 3885 carnoso,
1016 3831 1154 3886 convexo,
1178 3816 1354 3883 dimidiato,

259 3898 429 3973 squamulae
459 3899 575 3973 pilosis
608 3900 834 3975 nlpriennrieno
868 3901 1018 3972 adsperso;
1062 3902 1168 3974 stipite
1200 3898 1355 3968 verticuli,

259 3985 354 4057 firmo,
390 3987 425 4044 ad
463 3987 598 4046 annulum
634 3986 801 4059 fuligineum
834 3987 1201 4062 nigricanti·squamulese;
1238 3986 1356 4046 lamellis
1399 4038 1400 4041 ,

260 4072 488 4142 decurrentibus,
523 4075 700 4142 distinctis,
733 4074 815 4133 albis.
864 4068 949 4147 Soet.
983 4069 1070 4146 Moe.
1101 4068 1181 4147 tp.
1207 4078 1275 4133 179.
1319 4072 1354 4129 A.
1399 4068 1400 4147 }

259 4158 378 4232 Lepiota
398 4154 471 4218 Alo.
495 4164 525 4218 et
549 4155 695 4222 Satroeo'n.
715 4177 749 4232 p.
774 4162 852 4219 229.
898 4162 931 4220 ln
954 4162 1034 4220 diseo
1056 4162 1151 4221 trunci
1172 4161 1289 4222 abietini
1309 4175 1353 4216 se·
1399 4158 1400 4223 Ῑ
